<?xml version="1.0" encoding="UTF-8"?><record xmlns="http://www.loc.gov/MARC21/slim" xmlns:cinclude="http://apache.org/cocoon/include/1.0" xmlns:zs="http://www.loc.gov/zing/srw/">
  <leader>00568cz  a2200169n  4500</leader>
  <controlfield tag="001">nb2006004011</controlfield>
  <controlfield tag="003">DLC</controlfield>
  <controlfield tag="005">20060304071427.0</controlfield>
  <controlfield tag="008">060215n| acannaabn          |a aaa      </controlfield>
  <datafield tag="010" ind1=" " ind2=" ">
    <subfield code="a">nb2006004011</subfield>
  </datafield>
  <datafield tag="035" ind1=" " ind2=" ">
    <subfield code="a">(Uk)006400998</subfield>
  </datafield>
  <datafield tag="035" ind1=" " ind2=" ">
    <subfield code="a">(OCoLC)oca06858568</subfield>
  </datafield>
  <datafield tag="040" ind1=" " ind2=" ">
    <subfield code="a">Uk</subfield>
    <subfield code="b">eng</subfield>
    <subfield code="c">Uk</subfield>
    <subfield code="d">IEN</subfield>
  </datafield>
  <datafield tag="100" ind1="1" ind2=" ">
    <subfield code="a">Bagley, Wm. A.</subfield>
    <subfield code="q">(William A.)</subfield>
  </datafield>
  <datafield tag="400" ind1="1" ind2=" ">
    <subfield code="a">Bagley, William A.</subfield>
  </datafield>
  <datafield tag="670" ind1=" " ind2=" ">
    <subfield code="a">London countryside walks for motorists, north western area, 1975:</subfield>
    <subfield code="b">t.p. (Wm. A. Bagely)</subfield>
  </datafield>
  <datafield tag="670" ind1=" " ind2=" ">
    <subfield code="a">BL auth. file, 15 Feb. 2006:</subfield>
    <subfield code="b">(hdg.: Bagley Wm. A., (William A.); ref.: Bagley, William A.)</subfield>
  </datafield>
</record>